<record><leader>01876cam a2200445 i 4500</leader><controlfield tag="001">6858916</controlfield><controlfield tag="003">OCoLC</controlfield><controlfield tag="005">20150506134948.0</controlfield><controlfield tag="008">140117t20152015onca     b    001 0 eng  </controlfield><datafield ind1=" " ind2=" " tag="016"><subfield code="a">20149001444</subfield></datafield><datafield ind1=" " ind2=" " tag="020"><subfield code="a">9780176529529 (pbk.)</subfield></datafield><datafield ind1=" " ind2=" " tag="020"><subfield code="a">0176529527 (pbk.)</subfield></datafield><datafield ind1=" " ind2=" " tag="035"><subfield code="a">ocn869038859</subfield></datafield><datafield ind1=" " ind2=" " tag="039"><subfield code="a">exclude</subfield></datafield><datafield ind1=" " ind2=" " tag="040"><subfield code="a">NLC</subfield><subfield code="b">eng</subfield><subfield code="e">rda</subfield><subfield code="c">NLC</subfield><subfield code="d">OCLCO</subfield><subfield code="d">OCLCF</subfield><subfield code="d">OCLCO</subfield><subfield code="d">LGG</subfield><subfield code="d">AEU</subfield></datafield><datafield ind1=" " ind2=" " tag="043"><subfield code="a">n-cn---</subfield></datafield><datafield ind1=" " ind2="4" tag="050"><subfield code="a">KE8809</subfield><subfield code="b">.V47 2015</subfield></datafield><datafield ind1=" " ind2="4" tag="055"><subfield code="a">KE8809</subfield><subfield code="b">V47 2015</subfield></datafield><datafield ind1="0" ind2="6" tag="055"><subfield code="a">KF9220 ZA2</subfield><subfield code="b">V47 2015</subfield><subfield code="2">kfmod</subfield></datafield><datafield ind1="0" ind2="4" tag="082"><subfield code="a">345.71</subfield><subfield code="2">23</subfield></datafield><datafield ind1=" " ind2=" " tag="090"><subfield code="a">KE8809 .V47 2015</subfield><subfield code="b">AEGMCT</subfield></datafield><datafield ind1=" " ind2=" " tag="090"><subfield code="a">KE 8809 V47 2015</subfield><subfield code="b">AEU</subfield></datafield><datafield ind1="1" ind2=" " tag="100"><subfield code="a">Verdun-Jones, Simon N.</subfield><subfield code="q">(Simon Nicholas),</subfield><subfield code="d">1947-</subfield><subfield code="e">author.</subfield></datafield><datafield ind1="1" ind2="0" tag="245"><subfield code="a">Criminal law in Canada :</subfield><subfield code="b">cases, questions, and the code /</subfield><subfield code="c">Simon N. Verdun-Jones, School of Criminology, Simon Fraser University.</subfield></datafield><datafield ind1=" " ind2=" " tag="250"><subfield code="a">Sixth edition.</subfield></datafield><datafield ind1=" " ind2="1" tag="264"><subfield code="a">Toronto, Ontario :</subfield><subfield code="b">Nelson Education,</subfield><subfield code="c">[2015]</subfield></datafield><datafield ind1=" " ind2="4" tag="264"><subfield code="c">&#169;2015</subfield></datafield><datafield ind1=" " ind2=" " tag="300"><subfield code="a">xviii, 379 pages :</subfield><subfield code="b">illustrations (some color) ;</subfield><subfield code="c">26 cm</subfield></datafield><datafield ind1=" " ind2=" " tag="336"><subfield code="a">text</subfield><subfield code="b">txt</subfield><subfield code="2">rdacontent</subfield></datafield><datafield ind1=" " ind2=" " tag="337"><subfield code="a">unmediated</subfield><subfield code="b">n</subfield><subfield code="2">rdamedia</subfield></datafield><datafield ind1=" " ind2=" " tag="338"><subfield code="a">volume</subfield><subfield code="b">nc</subfield><subfield code="2">rdacarrier</subfield></datafield><datafield ind1=" " ind2=" " tag="500"><subfield code="a">Revision of: Criminal law in Canada : cases, questions &amp; the code / Simon N. Verdun-Jones. -- 5th ed. -- Nelson Education, [2010], c2011.</subfield></datafield><datafield ind1=" " ind2=" " tag="504"><subfield code="a">Includes bibliographical references and indexes.</subfield></datafield><datafield ind1=" " ind2=" " tag="596"><subfield code="a">29 43</subfield></datafield><datafield ind1="1" ind2="0" tag="610"><subfield code="a">Canada.</subfield><subfield code="t">Criminal Code.</subfield></datafield><datafield ind1=" " ind2="0" tag="650"><subfield code="a">Criminal law</subfield><subfield code="z">Canada</subfield><subfield code="v">Textbooks.</subfield></datafield><datafield ind1=" " ind2="0" tag="650"><subfield code="a">Criminal law</subfield><subfield code="z">Canada</subfield><subfield code="v">Cases.</subfield></datafield><datafield ind1=" " ind2=" " tag="949"><subfield code="a">KE8809 .V47 2015</subfield><subfield code="h">GMCT-OS-B</subfield><subfield code="i">1007766890</subfield><subfield code="p">98.65</subfield><subfield code="k">AVAIL_SOON</subfield></datafield><datafield ind1=" " ind2=" " tag="926"><subfield code="a">KE8809 .V47 2015</subfield><subfield code="w">LC</subfield><subfield code="c">1</subfield><subfield code="i">1007766890</subfield><subfield code="d">2/1/2017</subfield><subfield code="e">2/1/2017</subfield><subfield code="k">CHECKEDOUT</subfield><subfield code="l">ON_SHELF</subfield><subfield code="m">GR_MACEWAN</subfield><subfield code="n">14</subfield><subfield code="p">$98.65</subfield><subfield code="r">M</subfield><subfield code="s">Y</subfield><subfield code="t">BOOK</subfield><subfield code="u">5/20/2015</subfield></datafield><datafield ind1=" " ind2=" " tag="926"><subfield code="a">KE 8809 V47 2015</subfield><subfield code="w">LC</subfield><subfield code="c">1</subfield><subfield code="i">0162034413250</subfield><subfield code="d">3/6/2016</subfield><subfield code="e">3/6/2016</subfield><subfield code="k">RESERVES</subfield><subfield code="l">ON_SHELF</subfield><subfield code="m">UAHSS</subfield><subfield code="n">3</subfield><subfield code="p">$150.00</subfield><subfield code="r">Y</subfield><subfield code="s">Y</subfield><subfield code="t">SHORT_LOAN</subfield><subfield code="u">12/22/2015</subfield><subfield code="0">TEXTBOOK</subfield></datafield></record>